// Rosen, Stuart (2011). Signals and Systems for Speech and Hearing (2nd ed.). BRILL. p. 163. For auditory signals and human listeners, the accepted range is 20Hz to 20kHz, the limits of human hearing
// UniM Bail	612.78 ROSE

@book{Stuart2011,
Author = {Rosen, S. and Howell, P.},
ISBN = {0125972318},
Publisher = {London ; San Diego : Academic, 1990.},
Title = {Signals and systems for speech and hearing.},
URL = {https://ezp.lib.unimelb.edu.au/login?url=https://search-ebscohost-com.ezp.lib.unimelb.edu.au/login.aspx?direct=true&db=cat00006a&AN=melb.b1676243&site=eds-live&scope=site},
Year = {1990},
}

@article{Abella1992,
author = {Abella, Manuel and Formolo, John and Penney, David G},
file = {:home/marko/Uni/ELEN 90057 Capstone/research/articles/Manuel Abella 1992.pdf:pdf},
journal = {The Journal of the Acoustical Society of America},
mendeley-groups = {Stethoscope},
number = {4},
title = {{Comparison of the acoustic properties of six popular stethoscopes}},
volume = {91},
year = {1992}
}

@book{Coviello2014,
Author = {Coviello, Jessica Shank},
ISBN = {9781451189995},
Publisher = {Philadelphia : Wolters Kluwer/Lippincott Williams \& Wilkins Health, c2014.},
Title = {Auscultation skills. [electronic resource] : breath \& heart sounds.},
URL = {https://ezp.lib.unimelb.edu.au/login?url=https://search-ebscohost-com.ezp.lib.unimelb.edu.au/login.aspx?direct=true&db=cat00006a&AN=melb.b5768492&site=eds-live&scope=site},
Year = {2014},
}